@Book{hastie1986gam,
  title = {Generalized additive models},
  author = {Hastie, T.J., Tibshirani, R.J.},
  publisher = {Stat. Sci. 1},
  year = {1986},
  pages = {297,318}
  }

@Book{rubin1987mi,
  title = {Multiple Imputation for Nonresponse in Surveys},
  author = {Rubin, D.B.},
  publisher = {John Wiley & Sons, Inc},
  year = {1987}
  }

@Article{vickers2006dca,
  title = {Decision curve analysis: a novel method for evaluating prediction models.},
  author = {Vickers, A.J., Elkin E.B.},
  journal = {Medical Decision Making},
  year = {2006},
  volume = {26},
  pages = {565-74},
  DOI = {10.1177/0272989X06295361}
}

@Article{vickers2008dca_extension,
  title = {Extensions to decision curve analysis, a novel method for evaluating diagnostic tests, prediction models and molecular markers.},
  author = {Vickers, A.J., Cronin A.M, Elkin E.B., Gonen M.},
  journal = {BMC Medical Informatics and Decision Making},
  year = {2008},
  volume = {8},
  DOI = {10.1186/1472-6947-8-53}
}

@article{vickers2010you,
  title={How do you tell whether a change in surgical technique leads to a change in outcome?},
  author={Vickers, Andrew J and Cronin, Angel M and Masterson, Timothy A and Eastham, James A},
  journal={The Journal of urology},
  volume={183},
  number={4},
  pages={1510--1514},
  year={2010},
  publisher={Wolters Kluwer Philadelphia, PA}
}